@article{10.1023/B:VISI.0000029664.99615.94, 
author = {Lowe, David G.},
title = {Distinctive Image Features from Scale-Invariant Keypoints},
year = {2004},
issue_date = {November 2004},
publisher = {Kluwer Academic Publishers},
address = {USA},
volume = {60},
number = {2},
issn = {0920-5691},
url = {https://doi.org/10.1023/B:VISI.0000029664.99615.94},
doi = {10.1023/B:VISI.0000029664.99615.94},
journal = {Int. J. Comput. Vision},
month = nov,
pages = {91–110},
numpages = {20},
keywords = {scale invariance, object recognition, invariant features, image matching}
}

@misc{redmon2015unified,
    added-at = {2018-07-03T09:21:25.000+0200},
  author = {Redmon, Joseph and Divvala, Santosh and Girshick, Ross and Farhadi, Ali},
  biburl = {https://www.bibsonomy.org/bibtex/2d97e27b4931789f2c26da2f1e1a4f873/analyst},
  description = {[1506.02640] You Only Look Once: Unified, Real-Time Object Detection},
  keywords = {2016 arxiv computer-vision cvpr paper},
  note = {cite arxiv:1506.02640},
  timestamp = {2018-07-03T09:21:25.000+0200},
  title = {You Only Look Once: Unified, Real-Time Object Detection},
  url = {http://arxiv.org/abs/1506.02640},
  year = 2015
}


@INPROCEEDINGS{Muja09fastapproximate,
    author = {Marius Muja and David G. Lowe},
    title = {Fast approximate nearest neighbors with automatic algorithm configuration},
    booktitle = {In VISAPP International Conference on Computer Vision Theory and Applications},
    year = {2009},
    pages = {331--340}
}

@article{journals/cvgip/SuzukiA85,
  author = {Suzuki, Satoshi and Abe, Keiichi},
  biburl = {https://www.bibsonomy.org/bibtex/2ad5f28891fb63752f5c5b739a8dcfc2d/himank},
  ee = {http://dx.doi.org/10.1016/0734-189X(85)90016-7},
  journal = {Computer Vision, Graphics, and Image Processing},
  keywords = {algorithm contours draw to},
  number = 1,
  pages = {32-46},
  timestamp = {2013-11-12T15:32:42.000+0100},
  title = {Topological structural analysis of digitized binary images by border following.},
  url = {http://dblp.uni-trier.de/db/journals/cvgip/cvgip30.html#SuzukiA85},
  volume = 30,
  year = 1985
}

@article{10.1145/358669.358692,
author = {Fischler, Martin A. and Bolles, Robert C.},
title = {Random Sample Consensus: A Paradigm for Model Fitting with Applications to Image Analysis and Automated Cartography},
year = {1981},
issue_date = {June 1981},
publisher = {Association for Computing Machinery},
address = {New York, NY, USA},
volume = {24},
number = {6},
issn = {0001-0782},
url = {https://doi.org/10.1145/358669.358692},
doi = {10.1145/358669.358692},
journal = {Commun. ACM},
month = jun,
pages = {381–395},
numpages = {15},
keywords = {location determination, scene analysis, camera calibration, automated cartography, image matching, model fitting}
}

@misc{approxPolyDP,
title = {approx{Poly}{D}{P}},
author = {OpenCV Documentation},
howpublished = {\url{https://docs.opencv.org/2.4/modules/imgproc/doc/structural_analysis_and_shape_descriptors.html#approxpolydp}}
}
  
@misc{findHomography,
title = {find{Homography}},
author = {OpenCV Documentation},
howpublished = {\url{https://docs.opencv.org/2.4/modules/calib3d/doc/camera_calibration_and_3d_reconstruction.html?#findhomography}}
}
